%BibLatex beginner's guide:
%https://www.overleaf.com/learn/latex/Articles/Getting_started_with_BibLaTeX
%https://www.overleaf.com/learn/latex/Bibliography_management_with_biblatex#Reference_guide

@book{MLtextbook,
    author = {Sebastian Raschka and Yuxi Liu and Vahid Mirjalili},
    title = "Machine Learning with PyTorch and Scikit-Learn",
    publisher = "Packt Publishing",
    year = "2022", 
    page    = "293"
}

@article{outliers,
    author = "Seung-Whan Choi",
    title = "The Effect of Outliers on Regression Analysis: Regime Type
and Foreign Direct Investment",
    journal = "Quarterly Journal of Political Science",
    year = "2009"
}

@online{docslassoreg,
    author    = "Jan Kirenz",
    title     = "Lasso regression in Python",
    url       = "https://www.kirenz.com/blog/posts/2019-08-12-python-lasso-regression-auto/"
}

@online{gauss-markov,
    organization = "Wikipedia",
    title = "Gauss-Markov theorem",
    url = "https://en.wikipedia.org/wiki/Gaussâ€“Markov_theorem"
}

@online{lassoregression,
    organization    = "Scikit-Learn Developers",
    title     = "Lasso",
    url       = "https://scikit-learn.org/stable/modules/generated/sklearn.linear_model.Lasso.html"
}

@online{MHJweek35,
    author    = "Morten Hjorth-Jensen",
    title     = "From Ordinary Linear Regression to Ridge and Lasso Regression",
    url       = "https://compphysics.github.io/MachineLearning/doc/LectureNotes/_build/html/week35.html#ridge-and-lasso-regression"
}

@online{numpymeshgrid,
    organization  = "NumPy Developers",
    title   = "numpy.meshgrid",
    url     = "https://numpy.org/doc/stable/reference/generated/numpy.meshgrid.html"
}

@online{r2score,
    organization = "Wikipedia",
    title = "Coefficient of determination",
    url = "https://en.wikipedia.org/wiki/Coefficient_of_determination"}

@online{secoda, 
    author = "Dexter Chu",
    title = "When to Normalize or Standardize Data", 
    url = "https://www.secoda.co/learn/when-to-normalize-or-standardize-data"
}

@online{sklearnScaling,
    organization  = "Scikit-Learn Developers",
    title   = "Compare the effect of different scalers on data with outliers",
    url     = "https://scikit-learn.org/stable/auto_examples/preprocessing/plot_all_scaling.html"

}

@online{SVD,
    organization  = "Wikipedia",
    title   = "Singular value decomposition",
    url     = "https://en.wikipedia.org/wiki/Singular_value_decomposition"
}

@online{usgovterraindata,
    organization      = "U.S. Department of the Interior",
    title       = "USGS: Earth Explorer",
    url         = "https://earthexplorer.usgs.gov"
}

@online{usgovterraindataWHATDO,
    organization      = "U.S. Department of the Interior",
    title       = "What does the USGS (United States Geological Survey) do?",
    url         = "https://www.usgs.gov/faqs/what-does-usgs-united-states-geological-survey-do"
}

@online{usgovterraindataWHERE,
    organization      = "U.S. Department of the Interior",
    title       = "USGS Geospatial Data Sources",
    url         = "https://www.usgs.gov/educational-resources/usgs-geospatial-data-sources"
}

@unpublished{fysstkproject1,
    author = {Emma Storberg \& Frida Lien},
    title = "Linear Regression and Basic Resampling Techniques for Modeling 2D Datasets",
    note = "Project 1 in FYS-STK4155, fall 2024 semester."
}

@techreport{franke,
    author =       "Richard Franke",
    title =        "A Critical Comparison of Some Methods for Interpolation of Scattered Data",
    institution = "Naval Postgraduate School",
    number =       "NPS-53-79-003",
    year =         "1979",
    pages =         "13",
    keywords =     "frankefunction"
}
